<?xml version="1.0" encoding="UTF-8"?><collection xmlns="http://www.loc.gov/MARC21/slim"><record><leader>00404nam--2200133-i-4500</leader><controlfield tag="001">000006409</controlfield><controlfield tag="002">20161230</controlfield><controlfield tag="005">20170103002545</controlfield><controlfield tag="008">060222s1000------------r-----000-0-eng-d</controlfield><datafield ind1=" " ind2=" " tag="245"><subfield code="a">Rocket propulsion technology. Proceedings of the First Rocket Propulsion Symposium. Cranfield, 1961</subfield></datafield><datafield ind1=" " ind2=" " tag="260"><subfield code="a">New York</subfield><subfield code="b">Plenum Press</subfield><subfield code="c">1961</subfield></datafield><datafield ind1=" " ind2=" " tag="490"><subfield code="a">X + 374 p</subfield></datafield><datafield ind1=" " ind2=" " tag="700"><subfield code="a">Maxwell, W. R</subfield></datafield><datafield ind1=" " ind2=" " tag="CAT"><subfield code="a">SYS</subfield><subfield code="c">20170103</subfield><subfield code="h">002545</subfield></datafield></record></collection>